% This file was created with JabRef 2.11b2.
% Encoding: UTF8

@misc{Bouguet2000,
  added-at = {2009-06-16T08:56:01.000+0200},
  author = {Bouguet, Jean-Yves},
  biburl = {http://www.bibsonomy.org/bibtex/26d526b728a7c2bfa9309469c69e0bdff/midtiby},
  interhash = {eef6e5d46faede3c0e1fe7cd755790bb},
  intrahash = {6d526b728a7c2bfa9309469c69e0bdff},
  keywords = {lucas-kanade tracking},
  publisher = {Intel Corporation Microprocessor Research Labs},
  timestamp = {2009-06-16T08:56:01.000+0200},
  title = {Pyramidal Implementation of the Lucas Kanade Feature Tracker Description of the algorithm},
  url = {http://robots.stanford.edu/cs223b04/algo_tracking.pdf},
  year = 2000
}

@book{progit,
  added-at = "2011-08-16T15:46:36.000+0200",
  author = "{Scott Chacon}",
  interhash = "ec1617e7e18c150205bf027b566ef357",
  intrahash = "40f70d7bc474085d987786484a09d2bf",
  keywords = "git source\_code\_control version\_control",
  language = "russian",
  timestamp = "2011-08-16T15:46:36.000+0200",
  title = "{Pro Git : professional version control}",
  url = "http://progit.org/ebook/progit.pdf",
  year = "2011"
}

@inproceedings{Lucas1981,
  added-at = {2013-12-05T22:47:29.000+0100},
  author = {Lucas, BruceD. and Kanade, Takeo},
  biburl = {http://www.bibsonomy.org/bibtex/27cf6ad7a03d93c8406e595dbe6770bc5/anas.razeq},
  booktitle = {Proceedings of the 1981 DARPA Image Understanding Workshop},
  interhash = {12e0953560fca3bff619e165b70a79f8},
  intrahash = {7cf6ad7a03d93c8406e595dbe6770bc5},
  keywords = {Flow Kanade Lucas Optical},
  pages = {121--130},
  timestamp = {2013-12-05T22:47:29.000+0100},
  title = {{An Iterative Image Registration Technique with an Application to
  Stereo Vision (DARPA)}},
  year = 1981
}

@inproceedings{shi_tom_lyk,
  added-at = {2013-12-06T01:51:51.000+0100},
  author = {Tomasi, C. and Shi, J.},
  biburl = {http://www.bibsonomy.org/bibtex/23996c8734c36d978d1adfbbd38de37c3/anas.razeq},
  booktitle = {Proc. IEEE Conf. on Comp. Vision and Patt. Recog.},
  citeulike-article-id = {2380676},
  interhash = {8ce06a27da1ce7afe8940a04f966b580},
  intrahash = {3996c8734c36d978d1adfbbd38de37c3},
  keywords = {Features},
  pages = {593--600},
  priority = {2},
  timestamp = {2013-12-06T01:51:51.000+0100},
  title = {Good features to track},
  year = 1994
}

@inproceedings{tom_lyk,
  added-at = {2014-07-31T00:00:00.000+0200},
  author = {Tommasini, Tiziano and Fusiello, Andrea and Trucco, Emanuele and Roberto, Vito},
  biburl = {http://www.bibsonomy.org/bibtex/2b9dcd1d22466dc0ec5417d866ec42f3b/dblp},
  booktitle = {CVPR},
  crossref = {conf/cvpr/1998},
  ee = {http://doi.ieeecomputersociety.org/10.1109/CVPR.1998.698606},
  interhash = {4bc92bc3d3697d5a23abcb8a8835fd6f},
  intrahash = {b9dcd1d22466dc0ec5417d866ec42f3b},
  isbn = {0-8186-8497-6},
  keywords = {dblp},
  pages = {178-183},
  publisher = {IEEE Computer Society},
  timestamp = {2015-04-28T16:30:43.000+0200},
  title = {Making Good Features Track Better.},
  url = {http://dblp.uni-trier.de/db/conf/cvpr/cvpr1998.html#TommasiniFTR98},
  year = 1998
}

@Book{bhzd_1,
  Title                    = {Безопасность жизнедеятельности},
  Author                   = {Г.В. Смирнов, Л.И. Кодолова},
  Editor                   = {Учебное пособие},
  Publisher                = {ТУСУР},
  Year                     = {2007},

  Owner                    = {fox},
  Timestamp                = {2015.02.17}
}

@Article{lk_jou,
  Title                    = {Слежение за точечными особенностями сцены (Point feature tracking)},
  Author                   = {Антон Конушин},
  Journal                  = {Компьютерная графика и мультимедиа},
  Year                     = {2003},

  Month                    = {05},
  Number                   = {1},

  Owner                    = {fox},
  Timestamp                = {2015.05.26},
  Url                      = {http://cgm.computergraphics.ru/content/view/54}
}

@Book{bhzd_3,
  Title                    = {``Типовая инструкция по охране труда при работе на персональном компьютере''},
  Editor                   = {ТОИ Р-45-084-01},
  Year                     = {2001},

  Owner                    = {fox},
  Timestamp                = {2015.02.17}
}

@Book{bhzd_2,
  Title                    = {``Гигиенические требования ПЭВМ и организации работы''},
  Editor                   = {СанПиН 2.2.2/2.4.1340-03},
  Year                     = {2003},

  Owner                    = {fox},
  Timestamp                = {2015.02.17}
}
